@ARTICLE{1929PNAS...15..168H,
       author = {{Hubble}, Edwin},
        title = "{A Relation between Distance and Radial Velocity among Extra-Galactic Nebulae}",
      journal = {Proceedings of the National Academy of Science},
         year = 1929,
        month = mar,
       volume = {15},
       number = {3},
        pages = {168-173},
          doi = {10.1073/pnas.15.3.168},
       adsurl = {https://ui.adsabs.harvard.edu/abs/1929PNAS...15..168H},
      adsnote = {Provided by the SAO/NASA Astrophysics Data System}
},

@ARTICLE{1931MNRAS..91..483L,
       author = {{Lema{\^\i}tre}, G.},
        title = "{A homogeneous universe of constant mass and increasing radius accounting for the radial velocity of extra-galactic nebulae}",
      journal = {\mnras},
         year = 1931,
        month = mar,
       volume = {91},
        pages = {483-490},
          doi = {10.1093/mnras/91.5.483},
       adsurl = {https://ui.adsabs.harvard.edu/abs/1931MNRAS..91..483L},
      adsnote = {Provided by the SAO/NASA Astrophysics Data System}
},

@article{hubble1931velocity,
  title={The velocity-distance relation among extra-galactic nebulae},
  author={Hubble, Edwin and Humason, Milton L},
  journal={Astrophysical Journal, vol. 74, p. 43},
  volume={74},
  pages={43},
  year={1931}
},

@article{zwicky1933rotverschiebung,
  title={Die rotverschiebung von extragalaktischen nebeln},
  author={Zwicky, Fritz},
  journal={Helvetica Physica Acta, Vol. 6, p. 110-127},
  volume={6},
  pages={110--127},
  year={1933}
},

@article{zwicky1937nebulae,
  title={Nebulae as gravitational lenses},
  author={Zwicky, Fritz},
  journal={Physical Review},
  volume={51},
  number={4},
  pages={290},
  year={1937},
  publisher={APS}
}

@article{canameras2015planck,
  title={Planck’s dusty GEMS: The brightest gravitationally lensed galaxies discovered with the Planck all-sky survey},
  author={Ca{\~n}ameras, R and Nesvadba, NPH and Guery, D e a and McKenzie, T and K{\"o}nig, S and Petitpas, G and Dole, H and Frye, B and Flores-Cacho, I and Montier, L and others},
  journal={Astronomy \& Astrophysics},
  volume={581},
  pages={A105},
  year={2015},
  publisher={EDP Sciences}
}

@article{harrington2016early,
  title={Early science with the Large Millimeter Telescope: observations of extremely luminous high-z sources identified by Planck},
  author={Harrington, KC and Yun, Min S and Cybulski, R and Wilson, GW and Aretxaga, I and Chavez, M and De la Luz, V and Erickson, N and Ferrusca, D and Gallup, AD and others},
  journal={Monthly Notices of the Royal Astronomical Society},
  volume={458},
  number={4},
  pages={4383--4399},
  year={2016},
  publisher={Oxford University Press}
}

@article{ade2016xxvi,
  title={XXVI. The Second Planck Catalogue of Compact Sources.},
  author={Ade, PAR and Aghanim, N and Arg{\"u}eso, F and Arnaud, M and Ashdown, M and Aumont, J and Baccigalupi, C and Banday, AJ and Barreiro, RB and Bartolo, N and others},
  journal={Astronomy \& Astrophysics/Astronomie et Astrophysique},
  volume={594},
  year={2016}
}

@article{aghanim2020planck,
  title={Planck 2018 results-VI. Cosmological parameters},
  author={Aghanim, Nabila and Akrami, Yashar and Ashdown, Mark and Aumont, J and Baccigalupi, C and Ballardini, M and Banday, AJ and Barreiro, RB and Bartolo, N and Basak, S and others},
  journal={Astronomy \& Astrophysics},
  volume={641},
  pages={A6},
  year={2020},
  publisher={EDP sciences}
}

@article{frye2019plck,
  title={PLCK G165. 7+ 67.0: Analysis of a Massive Lensing Cluster in a Hubble Space Telescope Census of Submillimeter Giant Arcs Selected Using Planck/Herschel},
  author={Frye, Brenda L and Pascale, Massimo and Qin, Yujing and Zitrin, Adi and Diego, Jos{\'e} and Walth, Greg and Yan, Haojing and Conselice, Christopher J and Alpaslan, Mehmet and Bauer, Adam and others},
  journal={The Astrophysical Journal},
  volume={871},
  number={1},
  pages={51},
  year={2019},
  publisher={IOP Publishing}
}

@article{pascale2022possible,
  title={Possible Ongoing Merger Discovered by Photometry and Spectroscopy in the Field of the Galaxy Cluster PLCK G165. 7+ 67.0},
  author={Pascale, Massimo and Frye, Brenda L and Dai, Liang and Foo, Nicholas and Qin, Yujing and Leimbach, Reagen and Bauer, Adam Michael and Merlin, Emiliano and Coe, Dan and Diego, Jose and others},
  journal={The Astrophysical Journal},
  volume={932},
  number={2},
  pages={85},
  year={2022},
  publisher={IOP Publishing}
}

@article{johnson2016systematics,
  title={The systematics of strong lens modeling quantified: the effects of constraint selection and redshift information on magnification, mass, and multiple image predictability},
  author={Johnson, Traci L and Sharon, Keren},
  journal={The Astrophysical Journal},
  volume={832},
  number={1},
  pages={82},
  year={2016},
  publisher={IOP Publishing}
}

@article{windhorst2022jwst,
  title={JWST PEARLS. Prime Extragalactic Areas for Reionization and Lensing Science: Project Overview and First Results},
  author={Windhorst, Rogier A and Cohen, Seth H and Jansen, Rolf A and Summers, Jake and Tompkins, Scott and Conselice, Christopher J and Driver, Simon P and Yan, Haojing and Coe, Dan and Frye, Brenda and others},
  journal={The Astronomical Journal},
  volume={165},
  number={1},
  pages={13},
  year={2022},
  publisher={IOP Publishing}
}

@article{frye2023jwst,
  title={The JWST Discovery of the Triply-imaged Type Ia" Supernova H0pe" and Observations of the Galaxy Cluster PLCK G165. 7+ 67.0},
  author={Frye, Brenda L and Pascale, Massimo and Pierel, Justin and Chen, Wenlei and Foo, Nicholas and Leimbach, Reagen and Garuda, Nikhil and Cohen, Seth and Kamieneski, Patrick and Windhorst, Rogier and others},
  journal={arXiv preprint arXiv:2309.07326},
  year={2023}
}

@article{robitaille2013astropy,
  title={Astropy: A community Python package for astronomy},
  author={Robitaille, Thomas P and Tollerud, Erik J and Greenfield, Perry and Droettboom, Michael and Bray, Erik and Aldcroft, Tom and Davis, Matt and Ginsburg, Adam and Price-Whelan, Adrian M and Kerzendorf, Wolfgang E and others},
  journal={Astronomy \& Astrophysics},
  volume={558},
  pages={A33},
  year={2013},
  publisher={EDP Sciences}
}

@ARTICLE{2020A&C....3200384B,
       author = {{Beroiz}, M. and {Cabral}, J.~B. and {Sanchez}, B.},
        title = "{Astroalign: A Python module for astronomical image registration}",
      journal = {Astronomy and Computing},
     keywords = {Astronomy, Image registration, Python package, Astrophysics - Instrumentation and Methods for Astrophysics, Computer Science - Computer Vision and Pattern Recognition},
         year = 2020,
        month = jul,
       volume = {32},
          eid = {100384},
        pages = {100384},
          doi = {10.1016/j.ascom.2020.100384},
archivePrefix = {arXiv},
       eprint = {1909.02946},
 primaryClass = {astro-ph.IM},
       adsurl = {https://ui.adsabs.harvard.edu/abs/2020A&C....3200384B},
      adsnote = {Provided by the SAO/NASA Astrophysics Data System}
}

@ARTICLE{1996A&AS..117..393B,
       author = {{Bertin}, E. and {Arnouts}, S.},
        title = "{SExtractor: Software for source extraction.}",
      journal = {\aaps},
     keywords = {METHODS: DATA ANALYSIS, TECHNIQUES: IMAGE PROCESSING, GALAXIES: PHOTOMETRY},
         year = 1996,
        month = jun,
       volume = {117},
        pages = {393-404},
          doi = {10.1051/aas:1996164},
       adsurl = {https://ui.adsabs.harvard.edu/abs/1996A&AS..117..393B},
      adsnote = {Provided by the SAO/NASA Astrophysics Data System}
}

@article{galametz2013candels,
  title={CANDELS Multiwavelength Catalogs: source identification and photometry in the CANDELS UKIDSS Ultra-deep Survey Field},
  author={Galametz, Audrey and Grazian, Andrea and Fontana, Adriano and Ferguson, Henry C and Ashby, MLN and Barro, Guillermo and Castellano, Marco and Dahlen, Tomas and Donley, Jennifer L and Faber, Sandy M and others},
  journal={The Astrophysical Journal Supplement Series},
  volume={206},
  number={2},
  pages={10},
  year={2013},
  publisher={IOP Publishing}
}

@article{merlin2022early,
  title={Early results from GLASS-JWST. II. NIRCam extragalactic imaging and photometric catalog},
  author={Merlin, Emiliano and Bonchi, Andrea and Paris, Diego and Belfiori, Davide and Fontana, Adriano and Castellano, Marco and Nonino, Mario and Polenta, Gianluca and Santini, Paola and Yang, Lilan and others},
  journal={The Astrophysical Journal Letters},
  volume={938},
  number={2},
  pages={L14},
  year={2022},
  publisher={IOP Publishing}
}

@article{paris2023glass,
  title={The GLASS-JWST Early Release Science Program. II. Stage I release of NIRCam imaging and catalogs in the Abell 2744 region},
  author={Paris, Diego and Merlin, Emiliano and Fontana, Adriano and Bonchi, Andrea and Brammer, Gabriel and Correnti, Matteo and Treu, Tommaso and Boyett, Kristan and Calabr{\`o}, Antonello and Castellano, Marco and others},
  journal={arXiv preprint arXiv:2301.02179},
  year={2023}
}

@article{brammer2008eazy,
  title={EAZY: a fast, public photometric redshift code},
  author={Brammer, Gabriel B and van Dokkum, Pieter G and Coppi, Paolo},
  journal={The Astrophysical Journal},
  volume={686},
  number={2},
  pages={1503},
  year={2008},
  publisher={IOP Publishing}
}

@article{robotham2018profound,
  title={Profound: source extraction and application to modern survey data},
  author={Robotham, ASG and Davies, LJM and Driver, SP and Koushan, S and Taranu, DS and Casura, S and Liske, J},
  journal={Monthly Notices of the Royal Astronomical Society},
  volume={476},
  number={3},
  pages={3137--3159},
  year={2018},
  publisher={Oxford University Press}
}

@article{robotham2023dynamic,
  title={Dynamic Wisp Removal in JWST NIRCam Images},
  author={Robotham, ASG and D’Silva, JCJ and Windhorst, RA and Jansen, RA and Summers, J and Driver, SP and Wilmer, CNA and Bellstedt, S},
  journal={Publications of the Astronomical Society of the Pacific},
  volume={135},
  number={1050},
  pages={085003},
  year={2023},
  publisher={IOP Publishing}
}

@article{robotham2017profit,
  title={PROFIT: Bayesian profile fitting of galaxy images},
  author={Robotham, ASG and Taranu, DS and Tobar, R and Moffett, A and Driver, SP},
  journal={Monthly Notices of the Royal Astronomical Society},
  volume={466},
  number={2},
  pages={1513--1541},
  year={2017},
  publisher={Oxford University Press}
}

@article{koekemoer2011candels,
  title={CANDELS: the cosmic assembly near-infrared deep extragalactic legacy survey—the Hubble Space Telescope observations, imaging data products, and mosaics},
  author={Koekemoer, Anton M and Faber, SM and Ferguson, Henry C and Grogin, Norman A and Kocevski, Dale D and Koo, David C and Lai, Kamson and Lotz, Jennifer M and Lucas, Ray A and McGrath, Elizabeth J and others},
  journal={The Astrophysical Journal Supplement Series},
  volume={197},
  number={2},
  pages={36},
  year={2011},
  publisher={IOP Publishing}
}

@article{larson2023spectral,
  title={Spectral Templates Optimal for Selecting Galaxies at z> 8 with the JWST},
  author={Larson, Rebecca L and Hutchison, Taylor A and Bagley, Micaela and Finkelstein, Steven L and Yung, LY Aaron and Somerville, Rachel S and Hirschmann, Michaela and Brammer, Gabriel and Holwerda, Benne W and Papovich, Casey and others},
  journal={The Astrophysical Journal},
  volume={958},
  number={2},
  pages={141},
  year={2023},
  publisher={IOP Publishing}
}
